@book{Mauthe_2004,
    doi = {10.1002/0470855444},
    url = {https://doi.org/10.1002%2F0470855444},
    year = 2004,
    month = {jan},
    publisher = {John Wiley {\&} Sons, Ltd},
    author = {Andreas Mauthe and Peter Thomas},
    title = {Professional Content Management Systems}
}

@book{mikowski2013single,
  title={Single page web applications: JavaScript end-to-end},
  author={Mikowski, Michael and Powell, Josh},
  year={2013},
  publisher={Simon and Schuster}
}

@misc{WordpressCustomType,
    title = {Wordpress Theme Handbook - Post Types},
    howpublished = {\url{https://developer.wordpress.org/themes/basics/post-types/#custom-post-types}},
    note = {Dostęp: 2020-12-10}
}

@misc{StrapiDeployment,
    title = {Deployment - Strapi Developer Docs},
    howpublished = {\url{https://docs.strapi.io/developer-docs/latest/setup-deployment-guides/deployment.html}},
    note = {Dostęp: 2020-12-10}
}

@misc{PostgrestDefinition,
    title = {PostgREST Documentation},
    howpublished = {\url{https://postgrest.org/en/stable/index.html}},
    note = {Dostęp: 2020-12-10}
}

@misc{PostgrestJson,
    title = {PostgREST Documentation - JSON columns},
    howpublished = {\url{https://postgrest.org/en/stable/api.html#json-columns}},
    note = {Dostęp: 2020-12-10}
}

@misc{PostgrestFts,
    title = {PostgREST Documentation - full-text search},
    howpublished = {\url{https://postgrest.org/en/stable/api.html#fts}},
    note = {Dostęp: 2020-12-10}
}

@misc{PostgresPrepareStatement,
    title = {Postgres Documentation - sql prepare},
    howpublished = {\url{https://www.postgresql.org/docs/current/sql-prepare.html}},
    note = {Dostęp: 2020-12-30}
}
